@article{Teschner, title={Projections and Transformations in OpenGL}, url={https://www.cs.princeton.edu/courses/archive/spring22/cos426/72f0711e207865b0d6e5193b1f6d1f9b/PerspectiveProjection.pdf}, journal={Image Processing and Computer Graphics}, author={Teschner, Matthias}, year={2016}} 